@online{IEEEmalloc,
  author = {},
  title = {The Open Group Base Specifications Issue 7, 2018 edition
IEEE Std 1003.1-2017 (Revision of IEEE Std 1003.1-2008)},
  note = {\url{https://pubs.opengroup.org/onlinepubs/9699919799/functions/malloc.html}, zuletzt besucht 28.06.2001}
}

@article{QT,
  title={The quadtree and related hierarchical data structures},
  author={Samet, Hanan},
  journal={ACM Computing Surveys (CSUR)},
  volume={16},
  number={2},
  pages={187--260},
  year={1984},
  publisher={ACM New York, NY, USA}
}

@article{Quadtreeapdaption,
  title={Optimal quadtree construction algorithms},
  author={Shaffer, Clifford A and Samet, Hanan},
  journal={Computer Vision, Graphics, and Image Processing},
  volume={37},
  number={3},
  pages={402--419},
  year={1987},
  publisher={Elsevier}
}

@book{Raytracing,
  title={An introduction to ray tracing},
  author={Glassner, Andrew S},
  year={1989},
  publisher={Morgan Kaufmann}
}

@article{quadtree,
  title={Analytic variations on quadtrees},
  author={Flajolet, Philippe and Gonnet, Gaston and Puech, Claude and Robson, John Michael},
  journal={Algorithmica},
  volume={10},
  number={6},
  pages={473--500},
  year={1993},
  publisher={Springer}
}

@article{overviewofqtandoc,
  title={An overview of quadtrees, octrees, and related hierarchical data structures},
  author={Samet, Hanan},
  journal={Theoretical Foundations of Computer Graphics and CAD},
  pages={51--68},
  year={1988},
  publisher={Springer}
}

@article{RaytracingOctree,
  title={Octree-R: An adaptive octree for efficient ray tracing},
  author={Whang, Kyu-Young and Song, Ju-Won and Chang, Ji-Woong and Kim, Ji-Yun and Cho, Wan-Sup and Park, Chong-Mok and Song, Il-Yeol},
  journal={IEEE Transactions on Visualization and Computer Graphics},
  volume={1},
  number={4},
  pages={343--349},
  year={1995},
  publisher={IEEE}, 
  name = {Octree-R}
}